<record><leader>00000cas a22000007a 4500</leader><controlfield tag="001">29228198</controlfield><controlfield tag="008">931101d18271828nyuwr ne      0    0eng d</controlfield><datafield ind1=" " ind2=" " tag="010"><subfield code="a">sn 93063677 </subfield></datafield><datafield ind1=" " ind2=" " tag="040"><subfield code="a">NYS</subfield><subfield code="b">eng</subfield><subfield code="c">NYS</subfield><subfield code="d">OCL</subfield><subfield code="d">NYS</subfield><subfield code="d">OCLCQ</subfield><subfield code="d">OCLCF</subfield><subfield code="d">OCLCO</subfield></datafield><datafield ind1="1" ind2=" " tag="029"><subfield code="a">AU@</subfield><subfield code="b">000010665079</subfield></datafield><datafield ind1=" " ind2=" " tag="042"><subfield code="a">msc</subfield></datafield><datafield ind1=" " ind2=" " tag="043"><subfield code="a">n-us-ny</subfield></datafield><datafield ind1=" " ind2="4" tag="050"><subfield code="a">F129.C35</subfield><subfield code="b">C35</subfield></datafield><datafield ind1="0" ind2="0" tag="245"><subfield code="a">Canton advertiser and St. Lawrence Republican.</subfield></datafield><datafield ind1="3" ind2="0" tag="246"><subfield code="a">Canton advertiser and Saint Lawrence Republican</subfield></datafield><datafield ind1="3" ind2="0" tag="246"><subfield code="a">St. Lawrence Republican</subfield></datafield><datafield ind1="3" ind2="0" tag="246"><subfield code="a">Saint Lawrence Republican</subfield></datafield><datafield ind1=" " ind2=" " tag="260"><subfield code="a">Canton, N.Y. :</subfield><subfield code="b">William Wyman</subfield></datafield><datafield ind1=" " ind2=" " tag="300"><subfield code="a">v.</subfield></datafield><datafield ind1="1" ind2=" " tag="362"><subfield code="a">Began in 1827?; ceased in 1828.</subfield></datafield><datafield ind1=" " ind2=" " tag="588"><subfield code="a">Description based on: Vol. 2, no. 1 (Jan. 30, 1828).</subfield></datafield><datafield ind1=" " ind2=" " tag="588"><subfield code="a">Latest issue consulted: Vol. 2, no. 48 (Dec. 23, 1828).</subfield></datafield><datafield ind1=" " ind2="0" tag="651"><subfield code="a">Canton (N.Y.)</subfield><subfield code="v">Newspapers.</subfield></datafield><datafield ind1=" " ind2="0" tag="651"><subfield code="a">Saint Lawrence County (N.Y.)</subfield><subfield code="v">Newspapers.</subfield></datafield><datafield ind1=" " ind2="7" tag="655"><subfield code="a">Newspapers.</subfield><subfield code="2">fast</subfield><subfield code="0">(OCoLC)fst01423814</subfield></datafield><datafield ind1=" " ind2="7" tag="651"><subfield code="a">New York (State)</subfield><subfield code="z">Canton.</subfield><subfield code="2">fast</subfield><subfield code="0">(OCoLC)fst01202672</subfield></datafield><datafield ind1=" " ind2="7" tag="651"><subfield code="a">New York (State)</subfield><subfield code="z">Saint Lawrence County.</subfield><subfield code="2">fast</subfield><subfield code="0">(OCoLC)fst01202920</subfield></datafield><datafield ind1=" " ind2=" " tag="752"><subfield code="a">United States</subfield><subfield code="b">New York</subfield><subfield code="c">Saint Lawrence</subfield><subfield code="d">Canton.</subfield></datafield><datafield ind1="0" ind2="0" tag="785"><subfield code="t">Republican and advertiser (Canton, N.Y.)</subfield><subfield code="w">(DLC)sn 85026231</subfield><subfield code="w">(OCoLC)12113550</subfield></datafield></record>